@string(ICPS = "ICPS, Universit\'e Louis Pasteur de Strasbourg, France")

@techreport{ Wilde1993,
    author = "D. K. Wilde",
    title = "A Library for doing polyhedral operations",
    number = "785",
    institution = "IRISA, Rennes, France",
    pages = "45 p.",
    year = 1993,
    url = "citeseer.nj.nec.com/article/wilde93library.html", 
    note = "\\http://www.irisa.fr/EXTERNE/bibli/pi/pi785.html"
}

@article{ Loechner97parameterized,
    author = "Vincent Loechner and Doran K. Wilde",
    title = "Parameterized Polyhedra and Their Vertices",
    journal = "International Journal of Parallel Programming",
    volume = "25",
    number = "6",
    pages = "525--549",
    year = "1997",
    month = dec,
    publisher = {Kluwer Academic Publishers},
    url = "citeseer.nj.nec.com/article/loechner95parameterized.html" }

@TechReport{ Loechner1999,
    author = "Vincent Loechner",
    month = mar,
    year = 1999,
    title = "PolyLib: A Library for Manipulating Parameterized Polyhedra",
    institution = ICPS,
}

@article{ Clauss1998parametric,
    author = "Clauss, Philippe and Loechner, Vincent",
    title = "Parametric analysis of polyhedral iteration spaces",
    journal = "Journal of {VLSI} Signal Processing",
    publisher = "Kluwer Academic Publishers, Boston",
    year = "1998",
    volume = 19,
    pages = "179--194",
    number = 2,
    month = jul,
}

@mastersthesis{ Seghir2002,
    title = {D\'enombrement des Point Entiers de l'Union et de
	     l'Image des Poly\'edres Param\'etr\'es},
    author = "Rachid Seghir",
    month = jun,
    school = ICPS,
    year = 2002,
} 

@techreport{cdd,
    author = "K. Fukuda",
    title = "cdd.c: C-implementation of the double description method for computing all vertices and extremal rays of a convex polyhedron given by a system of linear inequalities",
    institution = "Department of Mathematics, Swiss Federal Institute of Technology, Lausanne, Switzerland",
   year =  1993,
    note = "program available from http://www.ifor.math.ethz.ch/~fukuda/fukuda.html",
}

@PhdThesis{Loechner97phd,
    author = "V. Loechner",
    title = {Contribution \`a l'\'etude des poly\`edres
param\'etr\'es et applications en parall\'elisation automatique},
    school = "University Louis Pasteur, Strasbourg",
    year =  1997,
}

@PHDTHESIS{ Bik1996PhD,
  AUTHOR    = {A. J. C. Bik},
  TITLE     = {Compiler Support for Sparse Matrix Computations},
  SCHOOL    = {University of Leiden},
  ADDRESS   = {The Netherlands},
  YEAR      = {1996},
  ISBN      = {},
  NOTE      = {},
  CONTENTS  = {},
  sourceURL = {ftp://ftp.wi.leidenuniv.nl/pub/CS/PhDTheses/bik-96.ps.gz},
  FLAGS     = {own},
  TOPICS    = {Sparse Arrays}
}

@PHDTHESIS{Verdoolaege2005PhD,
  AUTHOR = "Verdoolaege, Sven",
  TITLE = {Incremental Loop Transformations and Enumeration of Parametric Sets},
  SCHOOL = {Department of Computer Science, K.U.Leuven},
  YEAR = {2005},
  TYPE = {PHD},
  ADDRESS = {Leuven, Belgium},
  MONTH = apr,
}

@misc{latte1.1,
    author = "De Loera, J. A. and Haws, D. and Hemmecke, R. and Huggins, P. and Tauzer, J. and Yoshida, R.",
    title = "A User's Guide for LattE v1.1",
    year = 2003,
    month = nov,
    note = {software package {\tt LattE} is available at {\tt http://www.math.ucdavis.edu/$\sim$latte/}},
}

@misc{NTL,
    author = "Victor Shoup",
    title = "{NTL}",
    note = "Available from {\tt http://www.shoup.net/ntl/}",
    year = 2004,
}

@incollection{polymake,
  author =       {Ewgenij Gawrilow and Michael Joswig},
  title =        {polymake: a Framework for Analyzing Convex Polytopes},
  pages =        {43-74},
  editor =       {Gil Kalai and G\"unter M. Ziegler},
  booktitle =    {Polytopes --- Combinatorics and Computation},
  publisher =    {Birkh\"auser},
  year =         {2000}
}

@article{Stanley93monotonicity,
  author    = {Richard P. Stanley},
  title     = {A Monotonicity Property of h-vectors and h*-vectors.},
  journal   = {European Journal of Combinatorics},
  volume    = {14},
  number    = {3},
  year      = {1993},
  pages     = {251-258},
}

@TechReport{ Omega_calc,
    author = "Wayne Kelly and Vadim Maslov and William Pugh and Evan Rosser and Tatiana Shpeisman and Dave Wonnacott",
    title = "The {Omega} Calculator and Library",
    month = nov,
    institution = "University of Maryland",
    year = 1996
}

@TechReport{ Omega_lib,
    author = "Wayne Kelly and Vadim Maslov and William Pugh and Evan Rosser and Tatiana Shpeisman and Dave Wonnacott",
    title = "The {Omega} Library",
    month = nov,
    institution = "University of Maryland",
    year = 1996
}

@inproceedings{Turjan2002,
    author = "Alexandru Turjan and Bart Kienhuis and Ed Deprettere",
    title = "A compile time based approach for solving out-of-order communication in {Kahn} Process Networks",
    booktitle = "IEEE 13th International Conference on Aplication-specific Systems, Architectures and Processors (ASAP'2002)",
    location = "San Jose, CA, USA",
    month = Jul,
    year =  2002
}

@article{Loechner2002,
 author = {Vincent Loechner and Beno\^it Meister and Philippe Clauss},
 title = {Precise Data Locality Optimization of Nested Loops},
 journal = {J. Supercomput.},
 volume = {21},
 number = {1},
 year = {2002},
 issn = {0920-8542},
 pages = {37--76},
 doi = {http://dx.doi.org/10.1023/A:1013535431127},
 publisher = {Kluwer Academic Publishers},
 }
